<?xml version="1.0" encoding="UTF-8"?><collection xmlns="http://www.loc.gov/MARC21/slim"><record><leader>00376nam--2200133-i-4500</leader><controlfield tag="001">000037848</controlfield><controlfield tag="002">20161230</controlfield><controlfield tag="005">20161230201041</controlfield><controlfield tag="008">060222s1000------------r-----000-0-eng-d</controlfield><datafield ind1=" " ind2=" " tag="100"><subfield code="a">Raoult, G</subfield></datafield><datafield ind1=" " ind2=" " tag="245"><subfield code="a">Condensateurs electrolytiques</subfield></datafield><datafield ind1=" " ind2=" " tag="260"><subfield code="a">Paris, Masson Et Co., Edit., 1945, 5 F.+ 64p</subfield></datafield><datafield ind1=" " ind2=" " tag="490"><subfield code="a">Ecole Normale Superieure, Publ.Des Laboratoires Physique</subfield></datafield><datafield ind1=" " ind2=" " tag="852"><subfield code="a">1626</subfield></datafield></record></collection>